<?xml version="1.0" encoding="UTF-8"?>
<utfx:tests xmlns:utfx="http://utfx.org/test-definition">
    <!--
#
#    Copyright (C) 2005-2006  Distance and e-Learning Centre, 
#    University of Southern Queensland
#
#    This program is free software; you can redistribute it and/or modify
#    it under the terms of the GNU General Public License as published by
#    the Free Software Foundation; either version 2 of the License, or
#    (at your option) any later version.
#
#    This program is distributed in the hope that it will be useful,
#    but WITHOUT ANY WARRANTY; without even the implied warranty of
#    MERCHANTABILITY or FITNESS FOR A PARTICULAR PURPOSE.  See the
#    GNU General Public License for more details.
#
#    You should have received a copy of the GNU General Public License
#    along with this program; if not, write to the Free Software
#    Foundation, Inc., 59 Temple Place, Suite 330, Boston, MA  02111-1307  USA
#

--><utfx:stylesheet src="AANRO_marc_to_oai_dc.xsl"/>
    
       
    <!-- Research  -->
    <utfx:test>
        <utfx:name>Item Title</utfx:name>
        <utfx:assert-equal>
            <utfx:source validate="no">
                <collection xmlns="http://www.loc.gov/MARC21/slim" xmlns:xsi="http://www.w3.org/2001/XMLSchema-instance">
                    <record>
                        <leader>00000nam a22000002a 4500</leader>
                        <controlfield tag="008"></controlfield>
                        <datafield tag="091" ind1=" " ind2=" ">
                            <subfield code="a">AAABGI002</subfield>
                        </datafield>
                        <datafield tag="655" ind1=" " ind2="7">
                            <subfield code="a">Archived</subfield>
                            <subfield code="2">AANRO</subfield>
                        </datafield>
                        <datafield tag="245" ind1="1" ind2=" ">
                            <subfield code="a">10th Conference of the Australian Association of Animal Breeding and Genetics</subfield>
                        </datafield>
                        <datafield tag="045" ind1="2" ind2=" ">
                            <subfield code="b">d199209</subfield>
                            <subfield code="b">d199209 </subfield>
                        </datafield>
                        <datafield tag="720" ind1="1" ind2=" ">
                            <subfield code="a">Vercoe JE Dr Australian Association of Animal Breeding and Genetics Inc. (PO Box 5545, Rockhampton Mail Centre Qld 4702)</subfield>
                            
                        </datafield>
                        <datafield tag="720" ind1="1" ind2=" ">
                            <subfield code="a">Davis GP Dr Australian Association of Animal Breeding and Genetics Inc. (PO Box 5545, Rockhampton Mail Centre Qld 4702)</subfield>
                        </datafield>
                        <datafield tag="536" ind1=" " ind2=" ">
                            <subfield code="a">WRDC: Wool Research and Development Corporation $3,000 (AAA3) (1992/93)|DRDC: Dairy R&amp;D Corporation|MRC: Meat Research Corporation $2, 000 (Total)</subfield>
                        </datafield>
                        <datafield tag="520" ind1="2" ind2=" ">
                            <subfield code="a">International trade in breeds and breeding technology: enhancing our capability and contribution.</subfield>
                        </datafield>
                        <datafield tag="567" ind1=" " ind2=" ">
                            <subfield code="a">September 21-24: Plenary sessions on Australasian animal and human resources, importing and exporting genetic material and international genetic evaluation. Concurrent sessions for beef cattle, dairy cattle, sheep and fibre animals, other meat animals, sire referencing, parameter estimation, selection theory, practical evaluations, reproductive technologies, gene technologies. Forum on use of transgenic livestock, panel discussion on genetic evaluation systems, display of animal breeding software.</subfield>
                        </datafield>
                        <datafield tag="500" ind1=" " ind2=" ">
                            <subfield code="a">notes</subfield>
                        </datafield>
                        <datafield tag="522" ind1=" " ind2=" ">
                            <subfield code="a">coverage</subfield>
                        </datafield>
                        <datafield tag="596" ind1=" " ind2=" ">
                            <subfield code="a">deliverylink</subfield>
                        </datafield>
                        <datafield tag="597" ind1=" " ind2=" ">
                            <subfield code="a">deliveryemail</subfield>
                        </datafield>
                        <datafield tag="598" ind1=" " ind2=" ">
                            <subfield code="a">deliverynote</subfield>
                        </datafield>
                        <datafield tag="567" ind1=" " ind2=" ">
                            <subfield code="a">progress</subfield>
                        </datafield>
                        <datafield tag="594" ind1=" " ind2=" ">
                            <subfield code="a">implication</subfield>
                        </datafield>
                        <datafield tag="095" ind1=" " ind2=" ">
                            <subfield code="a">program</subfield>
                        </datafield>
                        <datafield tag="096" ind1=" " ind2=" ">
                            <subfield code="a">subprogram</subfield>
                        </datafield>
                    </record>